@book{klenke,
    title = {Wahrscheinlichkeitstheorie},
    author = {Achim Klenke},
    publisher = {Springer},
    year = {2013},
    edition = {3}
}